<record><leader>00000cas a22000007a 4500</leader><controlfield tag="001">12735156</controlfield><controlfield tag="008">851029d19141982utuwr ne      0    0eng d</controlfield><datafield ind1=" " ind2=" " tag="010"><subfield code="a">sn 85058282 </subfield></datafield><datafield ind1=" " ind2=" " tag="040"><subfield code="a">UNP</subfield><subfield code="b">eng</subfield><subfield code="c">UNP</subfield><subfield code="d">OCLCQ</subfield><subfield code="d">UBY</subfield><subfield code="d">OCLCQ</subfield><subfield code="d">OCLCF</subfield><subfield code="d">OCLCO</subfield></datafield><datafield ind1="1" ind2=" " tag="029"><subfield code="a">AU@</subfield><subfield code="b">000023449700</subfield></datafield><datafield ind1=" " ind2=" " tag="042"><subfield code="a">msc</subfield></datafield><datafield ind1=" " ind2=" " tag="043"><subfield code="a">n-us-ut</subfield></datafield><datafield ind1="0" ind2=" " tag="130"><subfield code="a">Progress (Fillmore, Utah)</subfield></datafield><datafield ind1="1" ind2="4" tag="245"><subfield code="a">The Progress.</subfield></datafield><datafield ind1="1" ind2="3" tag="246"><subfield code="a">Millard County progress</subfield></datafield><datafield ind1=" " ind2=" " tag="260"><subfield code="a">Fillmore City, Utah :</subfield><subfield code="b">J. Smith,</subfield><subfield code="c">-1982.</subfield></datafield><datafield ind1=" " ind2=" " tag="300"><subfield code="a">v. :</subfield><subfield code="b">ill. ;</subfield><subfield code="c">56 cm.</subfield></datafield><datafield ind1=" " ind2=" " tag="310"><subfield code="a">Weekly</subfield></datafield><datafield ind1="1" ind2=" " tag="362"><subfield code="a">Began in 1914?</subfield></datafield><datafield ind1="0" ind2=" " tag="362"><subfield code="a">-v. 88, no. 1 (Jan. 1, 1982).</subfield></datafield><datafield ind1=" " ind2=" " tag="525"><subfield code="a">Supplements accompany many issues.</subfield></datafield><datafield ind1=" " ind2=" " tag="525"><subfield code="a">Utah farm, ranch, and garden supplement issued each Spring, &lt;1960-1981&gt;.</subfield></datafield><datafield ind1=" " ind2=" " tag="580"><subfield code="a">Monthly newspaper, "Salt Flat news," accompanies as a supplement, &lt;Oct. 1971-Spring/Summer 1973&gt;.</subfield></datafield><datafield ind1=" " ind2=" " tag="588"><subfield code="a">Description based on: Vol. 24, no. 1 (Jan. 1, 1915).</subfield></datafield><datafield ind1=" " ind2="0" tag="651"><subfield code="a">Fillmore (Utah)</subfield><subfield code="v">Newspapers.</subfield></datafield><datafield ind1=" " ind2="0" tag="651"><subfield code="a">Millard County (Utah)</subfield><subfield code="v">Newspapers.</subfield></datafield><datafield ind1=" " ind2="7" tag="655"><subfield code="a">Newspapers.</subfield><subfield code="2">fast</subfield><subfield code="0">(OCoLC)fst01423814</subfield></datafield><datafield ind1=" " ind2="7" tag="651"><subfield code="a">Utah</subfield><subfield code="z">Fillmore.</subfield><subfield code="2">fast</subfield><subfield code="0">(OCoLC)fst01207557</subfield></datafield><datafield ind1=" " ind2="7" tag="651"><subfield code="a">Utah</subfield><subfield code="z">Millard County.</subfield><subfield code="2">fast</subfield><subfield code="0">(OCoLC)fst01207556</subfield></datafield><datafield ind1=" " ind2=" " tag="752"><subfield code="a">United States</subfield><subfield code="b">Utah</subfield><subfield code="c">Millard</subfield><subfield code="d">Fillmore.</subfield></datafield><datafield ind1="0" ind2="0" tag="780"><subfield code="t">Millard County progress-review</subfield><subfield code="w">(DLC)sn 85058281</subfield><subfield code="w">(OCoLC)12735153</subfield></datafield><datafield ind1="0" ind2="0" tag="785"><subfield code="t">Millard County progress (Fillmore, Utah : 1982)</subfield><subfield code="w">(DLC)sn 85058283</subfield><subfield code="w">(OCoLC)12735162</subfield></datafield><datafield ind1="1" ind2=" " tag="787"><subfield code="t">Salt Flat news</subfield><subfield code="w">(DLC)sn 85058205</subfield><subfield code="w">(OCoLC)12359351</subfield></datafield></record>